<collection xmlns="http://www.loc.gov/MARC21/slim"><record><leader>00791nam  2200229   450</leader><controlfield tag="001">398</controlfield><controlfield tag="003">http://montalegre.opacnet.com/OPAC/default.aspx?ContentAreaControl=ShowRegHoldings.ascx&amp;RegNo=16662</controlfield><datafield tag="100" ind1=" " ind2=" "><subfield code="a">20061013d1973    m  y0pora0103    ba</subfield></datafield><datafield tag="101" ind1="1" ind2=" "><subfield code="a">por</subfield></datafield><datafield tag="102" ind1=" " ind2=" "><subfield code="a">PT</subfield></datafield><datafield tag="200" ind1="1" ind2=" "><subfield code="a">&lt;O &gt;homem que viajou sózinho</subfield><subfield code="f">Constantin Virgil Gheorghiu</subfield><subfield code="g">trad. Vitorino Nemésio</subfield></datafield><datafield tag="205" ind1=" " ind2=" "><subfield code="a">7ª ed</subfield></datafield><datafield tag="210" ind1=" " ind2=" "><subfield code="a">Lisboa</subfield><subfield code="c">Bertrand</subfield><subfield code="d">1973</subfield></datafield><datafield tag="215" ind1=" " ind2=" "><subfield code="a">247 p.</subfield><subfield code="d">19cm</subfield></datafield><datafield tag="675" ind1=" " ind2=" "><subfield code="a">821</subfield><subfield code="z">por</subfield></datafield><datafield tag="700" ind1=" " ind2="1"><subfield code="a">Gheorghiu</subfield><subfield code="b">Constantin Virgil</subfield><subfield code="f">1916-1992</subfield></datafield><datafield tag="702" ind1=" " ind2="1"><subfield code="a">Nemésio</subfield><subfield code="b">Vitorino</subfield><subfield code="f">1901-1978</subfield><subfield code="4">730</subfield></datafield><datafield tag="801" ind1=" " ind2="0"><subfield code="a">PT</subfield><subfield code="b">Biblioteca Municipal de Montalegre</subfield><subfield code="g">RPC</subfield></datafield><datafield tag="856" ind1=" " ind2=" "><subfield code="u">locateMedia.asp?cod=20060516110810&amp;ext=jpg</subfield><subfield code="z">CAPA</subfield></datafield><datafield tag="909" ind1="&#9;" ind2=" "><subfield code="a">4</subfield></datafield><datafield tag="966" ind1=" " ind2=" "><subfield code="a">0008527</subfield><subfield code="l">BMM</subfield><subfield code="s">SCG 821 GHE hom</subfield></datafield><datafield tag="966" ind1=" " ind2=" "><subfield code="a">0008528</subfield><subfield code="l">BMM</subfield><subfield code="s">SCG 821 GHE hom</subfield></datafield><datafield tag="966" ind1=" " ind2=" "><subfield code="a">0008526</subfield><subfield code="l">BMM</subfield><subfield code="s">SCG 821 GHE hom</subfield></datafield><datafield tag="966" ind1=" " ind2=" "><subfield code="a">0008529</subfield><subfield code="l">BMM</subfield><subfield code="s">SCG 821 GHE hom</subfield></datafield></record></collection>